@MISC{lagrangeac,
    TITLE = {Is Lagrange's Theorem equivalent to AC?},
    AUTHOR = {Frank'a Waaldijk},
    HOWPUBLISHED = {MathOverflow},
    NOTE = {URL:https://mathoverflow.net/q/257303 (version: 2016-12-24)},
    EPRINT = {https://mathoverflow.net/q/257303},
    URL = {https://mathoverflow.net/q/257303},
    year={2016}
}

@book{lang2005algebra,
  title={Algebra},
  author={Lang, S.},
  isbn={9780387953854},
  lccn={01054916},
  series={Graduate Texts in Mathematics},
  url={https://books.google.com.hk/books?id=Fge-BwqhqIYC},
  year={2005},
  publisher={Springer New York}
}
